<record><leader>00000cas a2200000 a 4500</leader><controlfield tag="001">56339236</controlfield><controlfield tag="008">040824d17661776nyuwr ne      0    0eng c</controlfield><datafield ind1=" " ind2=" " tag="010"><subfield code="a">sn2004060476</subfield></datafield><datafield ind1=" " ind2=" " tag="040"><subfield code="a">NYS</subfield><subfield code="b">eng</subfield><subfield code="c">NYS</subfield><subfield code="d">OCLCQ</subfield><subfield code="d">OCLCF</subfield><subfield code="d">OCLCO</subfield></datafield><datafield ind1="1" ind2=" " tag="029"><subfield code="a">AU@</subfield><subfield code="b">000026159557</subfield></datafield><datafield ind1=" " ind2=" " tag="042"><subfield code="a">pcc</subfield></datafield><datafield ind1=" " ind2=" " tag="043"><subfield code="a">n-us-ny</subfield></datafield><datafield ind1="0" ind2=" " tag="130"><subfield code="a">New-York journal (New York, N.Y. : 1766)</subfield></datafield><datafield ind1="1" ind2="4" tag="245"><subfield code="a">The New-York journal, or, the general advertiser.</subfield></datafield><datafield ind1="3" ind2="0" tag="246"><subfield code="a">New York journal</subfield></datafield><datafield ind1="3" ind2="0" tag="246"><subfield code="a">General advertiser</subfield></datafield><datafield ind1=" " ind2=" " tag="260"><subfield code="a">[New York, N.Y.] :</subfield><subfield code="b">John Holt,</subfield><subfield code="c">1766-1776.</subfield></datafield><datafield ind1=" " ind2=" " tag="300"><subfield code="a">v. ;</subfield><subfield code="c">39 cm.</subfield></datafield><datafield ind1=" " ind2=" " tag="310"><subfield code="a">Weekly</subfield></datafield><datafield ind1="0" ind2=" " tag="362"><subfield code="a">No. 1 (May 29, 1766)-no. 1756 (Aug. 29, 1776).</subfield></datafield><datafield ind1=" " ind2=" " tag="500"><subfield code="a">Sometimes published as: New-York journal, or, general advertiser, no. 1, May 29, 1766; The New-York Gazette, or, the weekly post-boy, no. 122-1240, June 5-Oct. 9, 1766. Cf. Brigham, C.S. Amer. newspapers.</subfield></datafield><datafield ind1=" " ind2="0" tag="651"><subfield code="a">New York (N.Y.)</subfield><subfield code="v">Newspapers.</subfield></datafield><datafield ind1=" " ind2="0" tag="651"><subfield code="a">New York County (N.Y.)</subfield><subfield code="v">Newspapers.</subfield></datafield><datafield ind1=" " ind2="7" tag="655"><subfield code="a">Newspapers.</subfield><subfield code="2">fast</subfield><subfield code="0">(OCoLC)fst01423814</subfield></datafield><datafield ind1=" " ind2="7" tag="651"><subfield code="a">New York (State)</subfield><subfield code="z">New York.</subfield><subfield code="2">fast</subfield><subfield code="0">(OCoLC)fst01204333</subfield></datafield><datafield ind1=" " ind2="7" tag="651"><subfield code="a">New York (State)</subfield><subfield code="z">New York County.</subfield><subfield code="2">fast</subfield><subfield code="0">(OCoLC)fst01234953</subfield></datafield><datafield ind1=" " ind2=" " tag="752"><subfield code="a">United States</subfield><subfield code="b">New York</subfield><subfield code="c">New York</subfield><subfield code="d">New York.</subfield></datafield><datafield ind1="0" ind2=" " tag="775"><subfield code="t">New-York gazette, or, the weekly post-boy</subfield><subfield code="w">(DLC)sn 85025699</subfield><subfield code="w">(OCoLC)11880464</subfield></datafield></record>